<marc:collection xmlns:marc="http://www.loc.gov/MARC21/slim" xmlns:xsi="http://www.w3.org/2001/XMLSchema-instance" xsi:schemaLocation="http://www.loc.gov/MARC21/slim http://www.loc.gov/standards/marcxml/schema/MARC21slim.xsd">
    <marc:record type="Bibliographic">
        <marc:leader>00995cem a2200277 a 4500</marc:leader>
        <marc:controlfield tag="001">6864500</marc:controlfield>
        <marc:controlfield tag="005">20130605140444.0</marc:controlfield>
        <marc:controlfield tag="007">aj canzn</marc:controlfield>
        <marc:controlfield tag="008">020213s1845    fr        a     0   ger d</marc:controlfield>
        <marc:datafield tag="024" ind1="0" ind2=" ">
            <marc:subfield code="a">HM 2012-10</marc:subfield>
        </marc:datafield>
        <marc:datafield tag="040" ind1=" " ind2=" ">
            <marc:subfield code="a">NjP</marc:subfield>
            <marc:subfield code="c">NjP</marc:subfield>
        </marc:datafield>
        <marc:datafield tag="034" ind1="1" ind2=" ">
            <marc:subfield code="a">a</marc:subfield>
            <marc:subfield code="b">10000000</marc:subfield>
        </marc:datafield>
        <marc:datafield tag="100" ind1="1" ind2=" ">
            <marc:subfield code="a">Bauerkeller, Georg,</marc:subfield>
            <marc:subfield code="d">active 1830-1870.</marc:subfield>
        </marc:datafield>
        <marc:datafield tag="245" ind1="1" ind2="0">
            <marc:subfield code="a">Hydrogr. Karte von Europa</marc:subfield>
            <marc:subfield code="h">[map] /</marc:subfield>
            <marc:subfield code="c">von Bauerkeller.</marc:subfield>
        </marc:datafield>
        <marc:datafield tag="246" ind1="3" ind2=" ">
            <marc:subfield code="a">Hydrographisches Karte von Europa</marc:subfield>
        </marc:datafield>
        <marc:datafield tag="255" ind1=" " ind2=" ">
            <marc:subfield code="a">Scale [ca. 1:10,000,000].</marc:subfield>
        </marc:datafield>
        <marc:datafield tag="260" ind1=" " ind2=" ">
            <marc:subfield code="a">Paris :</marc:subfield>
            <marc:subfield code="b">Farbendruck und Prägung von Bauerkeller et Cie.,</marc:subfield>
            <marc:subfield code="c">[ca. 1845]</marc:subfield>
        </marc:datafield>
        <marc:datafield tag="300" ind1=" " ind2=" ">
            <marc:subfield code="a">1 map :</marc:subfield>
            <marc:subfield code="b">col. ;</marc:subfield>
            <marc:subfield code="c">47 x 59 cm.</marc:subfield>
        </marc:datafield>
        <marc:datafield tag="500" ind1=" " ind2=" ">
            <marc:subfield code="a">Embossed map of Europe, Russia, Turkey and North Africa; shows mountains, rivers and lakes.</marc:subfield>
        </marc:datafield>
        <marc:datafield tag="650" ind1=" " ind2="0">
            <marc:subfield code="a">Hydrography</marc:subfield>
            <marc:subfield code="z">Europe</marc:subfield>
            <marc:subfield code="v">Maps.</marc:subfield>
        </marc:datafield>
        <marc:datafield tag="650" ind1=" " ind2="0">
            <marc:subfield code="a">Mountains</marc:subfield>
            <marc:subfield code="z">Europe</marc:subfield>
            <marc:subfield code="v">Maps.</marc:subfield>
        </marc:datafield>
        <marc:datafield tag="651" ind1=" " ind2="0">
            <marc:subfield code="a">Europe</marc:subfield>
            <marc:subfield code="v">Maps.</marc:subfield>
        </marc:datafield>
        <marc:datafield tag="655" ind1=" " ind2="7">
            <marc:subfield code="a">Maps</marc:subfield>
            <marc:subfield code="z">Europe</marc:subfield>
            <marc:subfield code="y">1845.</marc:subfield>
            <marc:subfield code="2">aat</marc:subfield>
        </marc:datafield>
        <marc:datafield tag="856" ind1="4" ind2="1">
            <marc:subfield code="z">See the map</marc:subfield>
            <marc:subfield code="u">http://gisserver.princeton.edu/map/26425</marc:subfield>
        </marc:datafield>
        <marc:datafield tag="904" ind1=" " ind2=" ">
            <marc:subfield code="a">twm</marc:subfield>
            <marc:subfield code="b">o</marc:subfield>
            <marc:subfield code="h">m</marc:subfield>
            <marc:subfield code="c">p</marc:subfield>
            <marc:subfield code="e">20111017</marc:subfield>
        </marc:datafield>
        <marc:datafield tag="902" ind1=" " ind2=" ">
            <marc:subfield code="a">gls</marc:subfield>
            <marc:subfield code="b">o</marc:subfield>
            <marc:subfield code="6">e</marc:subfield>
            <marc:subfield code="7">m</marc:subfield>
            <marc:subfield code="d">v</marc:subfield>
            <marc:subfield code="f">1</marc:subfield>
            <marc:subfield code="e">20111018</marc:subfield>
        </marc:datafield>
    </marc:record>
    <marc:record type="Holdings">
        <marc:leader>00172cx  a22000854  4500</marc:leader>
        <marc:controlfield tag="001">6777866</marc:controlfield>
        <marc:controlfield tag="004">6864500</marc:controlfield>
        <marc:controlfield tag="005">20111018102928.0</marc:controlfield>
        <marc:controlfield tag="008">1110170p    8   1001uu   0000000</marc:controlfield>
        <marc:datafield tag="852" ind1="0" ind2=" ">
            <marc:subfield code="b">map</marc:subfield>
            <marc:subfield code="h">HMC01.6752</marc:subfield>
        </marc:datafield>
    </marc:record>
    <marc:record type="Holdings">
        <marc:leader>00182nx  a22000854  4500</marc:leader>
        <marc:controlfield tag="001">7321785</marc:controlfield>
        <marc:controlfield tag="004">6864500</marc:controlfield>
        <marc:controlfield tag="005">20130514085136.0</marc:controlfield>
        <marc:controlfield tag="008">1305144u    8   1001uu   0901128</marc:controlfield>
        <marc:datafield tag="852" ind1="8" ind2=" ">
            <marc:subfield code="b">elf1</marc:subfield>
            <marc:subfield code="h">Electronic Resource</marc:subfield>
        </marc:datafield>
    </marc:record>
</marc:collection>
